Chris@DESKTOP-P18RMEV.15288:1547401115