@article{JurySunshineProj,
author = {Ronald F. Wright and Kami Chavis and Gregory S. Parks},
title = {The Jury Sunshine Project: Jury Selection Data as a Political Issue},
journal = {University of Illinois Law Review},
year = 2018,
number = 4,
volume = 2018,
pages = 1407,
month = {October}}

@misc{SaskatchewanCrime,
author = {{Statistics Canada}},
title = {Table 35-10-0061-01: Crime severity index and weighted clearance rates, police services in Saskatchewan},
month = {November},
year = 2018}

@misc{StanleyWitnessAccounts,
author = {Guy Quenneville},
title = {What happened on Gerald Stanley's farm the day Colten Boushie was shot, as told by witnesses},
howpublished = {CBC News},
month = {February},
year = 2018,
note = {https://www.cbc.ca/news/canada/saskatoon/what-happened-stanley-farm-boushie-shot-witnesses-colten-gerald-1.4520214}}

@misc{billc75,
author = {{42nd Parliament of Canada}},
title = {Bill C-75: An Act to Amend the Criminal Code, Youth Criminal Justice Act and other Acts and to make consequential amendments to other Acts},
month = {March},
year = 2018,
note = {http://www.justice.gc.ca/eng/csj-sjc/pl/charter-charte/c75.html}}

@misc{GeraldStanleyVerdict,
author = {Guy Quenneville and Jason Warick},
title = {Shouts of 'murderer' in courtroom after Gerald Stanley acquitted in Colten Boushie shooting},
howpublished = {CBC News},
month = {February},
year = 2018,
note = {https://www.cbc.ca/news/canada/saskatoon/gerald-stanley-colten-boushie-verdict-1.4526313}}

@misc{c75legisinfo,
author = {{LEGISinfo}},
title = {Bill C75}
month = {November},
year = 2018,
note = {http://www.parl.ca/LegisInfo/BillDetails.aspx?Language=E&billId=9745407&View=0}}

@misc{fiverejected,
author = {Kathleen Harris},
title = {Liberals review jury selection process after Boushie case uproar},
howpublished = {CBC News},
month = {February},
year = 2018,
note = {https://www.cbc.ca/news/politics/jury-selection-diversity-indigenous-1.4531792}}

@misc{fraughthistory,
author = {Cameron MacLean},
title = {Gerald Stanley acquittal renews calls for justice reform 27 years after Manitoba inquiry},
howpublished = {CBC News},
month = {February},
year = 2018,
note = {https://www.cbc.ca/news/canada/manitoba/aboriginal-justice-inquiry-colten-boushie-gerald-stanley-jury-1.4532394}}

@misc{testArticle,
author = {J Smith},
title = {test title},
month = 2,
year = 2018}